<?xml version="1.0" encoding="UTF-8"?><record xmlns="http://www.loc.gov/MARC21/slim" xmlns:cinclude="http://apache.org/cocoon/include/1.0" xmlns:zs="http://www.loc.gov/zing/srw/">
  <leader>00473nz  a2200145n  4500</leader>
  <controlfield tag="001">no2009169630</controlfield>
  <controlfield tag="003">DLC</controlfield>
  <controlfield tag="005">20091024075700.0</controlfield>
  <controlfield tag="008">091022n| acannaabn          |a aaa     c</controlfield>
  <datafield tag="010" ind1=" " ind2=" ">
    <subfield code="a">no2009169630</subfield>
  </datafield>
  <datafield tag="035" ind1=" " ind2=" ">
    <subfield code="a">(OCoLC)oca08281446</subfield>
  </datafield>
  <datafield tag="040" ind1=" " ind2=" ">
    <subfield code="a">FJUNF</subfield>
    <subfield code="b">eng</subfield>
    <subfield code="c">FJUNF</subfield>
  </datafield>
  <datafield tag="100" ind1="1" ind2=" ">
    <subfield code="a">Sobala, Malgorzata</subfield>
  </datafield>
  <datafield tag="400" ind1="0" ind2=" ">
    <subfield code="a">Gosia</subfield>
  </datafield>
  <datafield tag="670" ind1=" " ind2=" ">
    <subfield code="a">His Standards, p2002:</subfield>
    <subfield code="b">label (Gosia) program notes (Malgorzata "Gosia" Sobala : Vocals, Flute, Alto Flute &amp; Piccolo ... Gosia plays Brannen Bros. Flute)</subfield>
  </datafield>
</record>